% This file was created with JabRef 2.8.1.
% Encoding: Cp1252

@BOOK{bentley:1999,
  title = {{P}rogramming {P}earls},
  publisher = {Addison--Wesley},
  year = {1999},
  author = {Jon Bentley}
}

@BOOK{bringhurst:2002,
  title = {{T}he {E}lements of {T}ypographic {S}tyle},
  publisher = {Hartley \& Marks Publishers},
  year = {2008},
  author = {Robert Bringhurst}
}

@BOOK{cormen:2001,
  title = {{I}ntroduction to {A}lgorithms},
  publisher = {The MIT Press},
  year = {2001},
  author = {Cormen, Thomas H. and Leiserson, Charles E. and Rivest, Ronald L.
	and Clifford Stein}
}

@BOOK{dueck:trio,
  title = {{D}uecks {T}rilogie: {O}mnisophie -- {S}upramanie -- {T}opothesie},
  publisher = {Springer},
  year = {2005},
  author = {Gunter Dueck},
  note = {\url{http://www.omnisophie.com}}
}

@ARTICLE{knuth:1976,
  author = {Knuth, Donald E.},
  title = {{B}ig {O}micron and {B}ig {O}mega and {B}ig {T}heta},
  journal = {SIGACT News},
  year = {1976},
  volume = {8},
  pages = {18--24},
  number = {2},
  publisher = {ACM Press}
}

@ARTICLE{knuth:1974,
  author = {Knuth, Donald E.},
  title = {{C}omputer {P}rogramming as an {A}rt},
  journal = {Communications of the ACM},
  year = {1974},
  volume = {17},
  pages = {667--673},
  number = {12},
  publisher = {ACM Press}
}

@BOOK{sommerville:1992,
  title = {{S}oftware {E}ngineering},
  publisher = {Addison-Wesley},
  year = {1992},
  author = {Ian Sommerville},
  address = {Boston, MA, USA}
}

@ARTICLE{kaesberg2024citeassist,
  title={CiteAssist: A system for automated preprint citation and BibTeX generation},
  author={Kaesberg, Lars Benedikt and Ruas, Terry and Wahle, Jan Philip and Gipp, Bela},
  journal={arXiv preprint arXiv:2407.03192},
  year={2024}
}

@ARTICLE{kovavcevic2011automatic,
  title={Automatic extraction of metadata from scientific publications for CRIS systems},
  author={Kova{\v{c}}evi{\'c}, Aleksandar and Ivanovi{\'c}, Dragan and Milosavljevi{\'c}, Branko and Konjovi{\'c}, Zora and Surla, Du{\v{s}}an},
  journal={Program},
  volume={45},
  number={4},
  pages={376--396},
  year={2011},
  publisher={Emerald Group Publishing Limited}
}

